<?xml version="1.0" encoding="UTF-8"?><record xmlns="http://www.loc.gov/MARC21/slim" xmlns:cinclude="http://apache.org/cocoon/include/1.0" xmlns:zs="http://www.loc.gov/zing/srw/">
  <leader>01133nz  a2200205n  4500</leader>
  <controlfield tag="001">no2004011012</controlfield>
  <controlfield tag="003">DLC</controlfield>
  <controlfield tag="005">20040206051927.0</controlfield>
  <controlfield tag="008">040205n| acannaabn          |a ana     c</controlfield>
  <datafield tag="010" ind1=" " ind2=" ">
    <subfield code="a">no2004011012</subfield>
  </datafield>
  <datafield tag="035" ind1=" " ind2=" ">
    <subfield code="a">(OCoLC)oca06264385</subfield>
  </datafield>
  <datafield tag="040" ind1=" " ind2=" ">
    <subfield code="a">ICU</subfield>
    <subfield code="b">eng</subfield>
    <subfield code="c">ICU</subfield>
  </datafield>
  <datafield tag="110" ind1="2" ind2=" ">
    <subfield code="a">Klášter benediktinů (Ostrov u Davle, Czech Republic)</subfield>
  </datafield>
  <datafield tag="410" ind1="2" ind2=" ">
    <subfield code="a">Klášter sv. Jana na Ostrově u Davel na Vltavě (Ostrov u Davle, Czech Republic)</subfield>
  </datafield>
  <datafield tag="410" ind1="2" ind2=" ">
    <subfield code="a">Kloster des Hl. Johannes auf Ostrov bei Davle (Ostrov u Davle, Czech Republic)</subfield>
  </datafield>
  <datafield tag="410" ind1="2" ind2=" ">
    <subfield code="a">Klášter na Ostrově (Ostrov u Davle, Czech Republic)</subfield>
  </datafield>
  <datafield tag="410" ind1="2" ind2=" ">
    <subfield code="a">Ostrovský klášter (Ostrov u Davle, Czech Republic)</subfield>
  </datafield>
  <datafield tag="410" ind1="2" ind2=" ">
    <subfield code="a">Kloster Ostrov (Ostrov u Davle, Czech Republic)</subfield>
  </datafield>
  <datafield tag="670" ind1=" " ind2=" ">
    <subfield code="a">1000 let kláštera na Ostrově (999-1999), 2003:</subfield>
    <subfield code="b">t.p. (...kláštera na Ostrově) p. 3 etc. (Ostrovský klášter = Kloster Ostrov; ...kláštera sv. Jana na ostrově u Davel na Vltavě = ...Klosters des Hl. Johannes auf Ostrov bei Davle)</subfield>
  </datafield>
  <datafield tag="670" ind1=" " ind2=" ">
    <subfield code="a">OCLC (5 Feb. 2004):</subfield>
    <subfield code="b">(Natl. Libr. of Czech Republic heading: Klášter benediktinů (Ostrov u Davle, Czech Republic)</subfield>
  </datafield>
</record>